% this is the bibliography file


@Misc{webrtc,
  author = 	 {Ian Hickson},
  title = 	 {WebRTC 1.0: Real-time Communication Between Browsers},
  howpublished = {\url{https://w3c.github.io/webrtc-pc/}},
  month = 	 {June},
  year = 	 {2017},
  annote = 	 {\url{http://www.iso.org/iso/iso_catalogue/catalogue_tc/catalogue_detail.htm?csnumber=43485}}
}

@Misc{iso-odf,
  author = 	 {International Organization for Standardization},
  title = 	 {ISO/IEC 26300:2006 Open Document Format},
  howpublished = {\url{http://std.dkuug.dk/keld/iso26300-odf/is26300/iso_iec_26300:2006_e.pdf}},
  month = 	 {December},
  year = 	 {2006},
  annote = 	 {\url{http://www.iso.org/iso/iso_catalogue/catalogue_tc/catalogue_detail.htm?csnumber=43485}}
}

@article{bergkvist2012webrtc,
  title={Webrtc 1.0: Real-time communication between browsers},
  author={Bergkvist, Adam and Burnett, Daniel C and Jennings, Cullen and Narayanan, Anant},
  journal={Working draft, W3C},
  volume={91},
  year={2012}
}

@article{mahy2003network,
  title={Network Working Group J. Rosenberg Request for Comments: 3489 J. Weinberger Category: Standards Track dynamicsoft C. Huitema Microsoft},
  author={Mahy, R},
  year={2003}
}

@techreport{mahy2010traversal,
  title={Traversal using relays around nat (turn): Relay extensions to session traversal utilities for nat (stun)},
  author={Mahy, Rohan and Matthews, Philip and Rosenberg, Jonathan},
  year={2010}
}

@article{rosenberg2010interactive,
  title={Interactive connectivity establishment (ice): A methodology for network address translator (nat) traversal for offer/answer protocols},
  author={Rosenberg, Jonathan},
  year={2010}
}

@article{downing2008web,
  title={Web Feeds and Repositories},
  author={Downing, Jim},
  year={2008}
}

@article{board2014rss,
  title={RSS 2.0 Specification (2009)},
  author={Board, RSS Advisory},
  journal={URL: \url{http://www.rssboard.org/rss-specification}},
  year={2014}
}

@article{network10same,
  title={Same-Origin Policy, 2014},
  author={Network, Mozilla Developer},
  journal={URL: \url{https://developer.mozilla.org/en-US/docs/Web/Security/Same-origin\_policy} (b ezocht op 10-05-2015)}
}

@misc{ozses2009cross,
  title={Cross-domain Communications with JSONP},
  author={Ozses, S and Ergul, S},
  year={2009},
  publisher={IBM}
}

@book{flanagan2006javascript,
  title={JavaScript: the definitive guide},
  author={Flanagan, David},
  year={2006},
  publisher={" O'Reilly Media, Inc."}
}
@inproceedings{van2007python,
  title={Python Programming Language.},
  author={Van Rossum, Guido and others},
  booktitle={USENIX Annual Technical Conference},
  volume={41},
  pages={36},
  year={2007}
}

@book{chodorow2013mongodb,
  title={MongoDB: the definitive guide},
  author={Chodorow, Kristina},
  year={2013},
  publisher={" O'Reilly Media, Inc."}
}

@inproceedings{quigley2009ros,
  title={ROS: an open-source Robot Operating System},
  author={Quigley, Morgan and Conley, Ken and Gerkey, Brian and Faust, Josh and Foote, Tully and Leibs, Jeremy and Wheeler, Rob and Ng, Andrew Y},
  booktitle={ICRA workshop on open source software},
  volume={3},
  number={3.2},
  pages={5},
  year={2009},
  organization={Kobe}
}

@book{loreto2014real,
  title={Real-Time Communication with WebRTC: Peer-to-Peer in the Browser},
  author={Loreto, Salvatore and Romano, Simon Pietro},
  year={2014},
  publisher={" O'Reilly Media, Inc."}
}

@article{cook2013casas,
  title={CASAS: A smart home in a box},
  author={Cook, Diane J and Crandall, Aaron S and Thomas, Brian L and Krishnan, Narayanan C},
  journal={Computer},
  volume={46},
  number={7},
  pages={62--69},
  year={2013},
  publisher={IEEE}
}

@article{ferro2015universaal,
  title={The universaal platform for aal (ambient assisted living)},
  author={Ferro, Erina and Girolami, Michele and Salvi, Dario and Mayer, Christopher and Gorman, Joe and Grguric, Andrej and Ram, Roni and Sadat, Rubaiyat and Giannoutakis, Konstantinos M and Stockl{\"o}w, Carsten},
  journal={Journal of Intelligent Systems},
  volume={24},
  number={3},
  pages={301--319},
  year={2015}
}

@inproceedings{bouchard2014human,
  title={Human activity recognition in smart homes based on passive RFID localization},
  author={Bouchard, Kevin and Bilodeau, Jean-S{\'e}bastien and Fortin-Simard, Dany and Gaboury, Sebastien and Bouchard, Bruno and Bouzouane, Abdenour},
  booktitle={Proceedings of the 7th International Conference on PErvasive Technologies Related to Assistive Environments},
  pages={1},
  year={2014},
  organization={ACM}
}

@inproceedings{huiting2013exploiting,
  title={Exploiting phase measurements of EPC Gen2 RFID tags [C]//RFID-Technologies and Applications (RFID-TA)},
  author={Huiting, J and Flisijn, H and Kokkeler, ABJ and Smit, G},
  booktitle={2013 IEEE International Conference on},
  year={2013}
}

@phdthesis{soltani2013neighborhood,
  title={Neighborhood Localization Method for Locating Construction Resources Based on RFID and BIM},
  author={Soltani, Mohammad Mostafa},
  year={2013},
  school={Concordia University}
}

@inproceedings{ravi2005activity,
  title={Activity recognition from accelerometer data},
  author={Ravi, Nishkam and Dandekar, Nikhil and Mysore, Preetham and Littman, Michael L},
  booktitle={Aaai},
  volume={5},
  number={2005},
  pages={1541--1546},
  year={2005}
}
@inproceedings{pal2015video,
  title={Video-based activity level recognition for assisted living using motion features},
  author={Pal, Sandipan and Abhayaratne, Charith},
  booktitle={Proceedings of the 9th International Conference on Distributed Smart Cameras},
  pages={62--67},
  year={2015},
  organization={ACM}
}
@article{bedrosian2013sundowning,
  title={Sundowning syndrome in aging and dementia: research in mouse models},
  author={Bedrosian, Tracy A and Nelson, Randy J},
  journal={Experimental neurology},
  volume={243},
  pages={67--73},
  year={2013},
  publisher={Elsevier}
}
@inproceedings{aran2016anomaly,
  title={Anomaly detection in elderly daily behavior in ambient sensing environments},
  author={Aran, Oya and Sanchez-Cortes, Dairazalia and Do, Minh-Tri and Gatica-Perez, Daniel},
  booktitle={International Workshop on Human Behavior Understanding},
  pages={51--67},
  year={2016},
  organization={Springer}
}
@inproceedings{agrigoroaie2016developing,
  title={Developing a healthcare robot with personalized behaviors and social skills for the elderly},
  author={Agrigoroaie, Roxana Madalina and Tapus, Adriana},
  booktitle={The Eleventh ACM/IEEE International Conference on Human Robot Interaction},
  pages={589--590},
  year={2016},
  organization={IEEE Press}
}